
@article{Arata:2009,
  author = {Arata, Javier and Sievert, Paul and Naughton, Maura},
  title = {Status Assessment of Laysan and Black-Footed Albatrosses, North Pacific Ocean, 1923-2005},
  journal = {U.S. Geological Survey Scientific Investigations Report},
  volume = {2009-5135},
  pages = {80},
  url = {https://pubs.usgs.gov/sir/2009/5131/},
  year = {2009}
}

@article{Reynolds:2017,
  author = {Reynolds, Michelle H. and Berkowitz, Paul and Klavitter, John and Courtot, Karen},
  title = {Lessons from the T≈çhoku tsunami: A model for island avifauna conservation prioritization},
  journal = {Ecology and Evolution},
  volume = {7},
  number = {15},
  pages = {5873-5890},
  url = {https://doi.org/10.1002/ece3.3092},
  year = {2017}
}

@misc{iucn:2020,
  author = {IUSN Red List},
  title = {Black-footed Albatross},
  year = {2017},
  note = {Last accessed 09 January 2022},
  url = {https://www.iucnredlist.org/species/22698350/181896323}
}

@misc{usfws:stal,
  author = {U.S. Fish & Wildlife Service - Alaska Region},
  title = {Short-tailed Albatross (Phoebastria albatrus)},
  note = {Last accessed 09 January 2022},
  url = {https://www.fws.gov/alaska/pages/endangered-species/short-tailed-albatross}
}
