@article{Arata:2009,
  author = {Arata, Javier and Sievert, Paul and Naughton, Maura},
  title = {Status Assessment of Laysan and Black-Footed Albatrosses, North Pacific Ocean, 1923-2005},
  journal = {U.S. Geological Survey Scientific Investigations Report},
  volume = {2009-5135},
  pages = {80},
  url = {https://pubs.usgs.gov/sir/2009/5131/},
  year = {2009}
}